@misc{xfit,
	title="Фитнес-клуб XFit [Электронный ресурс].",
	howpublished="Режим доступа: \url{https://www.xfit.ru/} (дата обращения: 10.03.2024)",	
}

@misc{wegym,
	title="Фитнес-клуб WeGym [Электронный ресурс].",
	howpublished="Режим доступа: \url{https://wegym.ru/} (дата обращения: 10.03.2024)",	
}

@misc{sssr,
	title="Фитнес-клуб СССР [Электронный ресурс].",
	howpublished="Режим доступа: \url{https://fitness-cccp.ru/} (дата обращения: 10.03.2024)",	
}

@article{stat1,
	title = {Только 4\% населения России регулярно занимаются в фитнес-клубах},
	year = {2023},
	url = {https://www.forbes.ru/sport/500472-tol-ko-4-naselenia-rossii-regularno-zanimautsa-v-fitnes-klubah}
}

@article{stat,
	title = {Объем рынка фитнес-индустрии в России в 2023 году вырастет на 18\%},
	year = {2023},
	url = {https://www.vedomosti.ru/business/news/2023/12/20/1011994-obem-fitnes-industrii-rossii-2023-virastet}
}

@article{gavr,
	title = {Конспект лекций по дисциплине <<Базы данных>>},
	year = {2023},
	author = {Гаврилова Ю.М.}
}

@article{serg,
	title = {Базы данных: модели данных, проектирование, язык SQL},
	year = {2012},
	author = {Т.Е.Сергеева, М.Ю.Сергеев},
	howpublished = {ФГБОУ ВПО «Воронежский государственный
	технический университет»}
}

@article{ucheb,
	title = {учебник по курсу <<Информатика>>},
	year = {2011},
	author = {Б.Г. Трусов, И.В. Рудаков, Ю.И. Терентьев, С.С. Комалов, С.В. Горин, В.А. Крищенко},
	howpublished = {Москва: МГТУ им. Н.Э.Баумана}
}

@article{deit,
	title = {Введение в базы данных},
	year = {2005},
	author = {К.Дж.Дейт},
	howpublished = {М.: Издательский дом <<Вильяме>>}
}

@misc{rel,
	title="What is a Relational Database (RDBMS)? [Электронный ресурс].",
	howpublished="Режим доступа: \url{https://www.oracle.com/database/what-is-a-relational-database/} (дата обращения: 17.03.2024)",	
}

@article{rel2,
	title = {Реляционные базы данных},
	year = {2020},
	author = {Васильева К. Н., Хусаинова Г. Я.},
	howpublished = {Colloquium-journal}
}

@misc{post,
	title="Постреляционная модель: понятие, достоинства и недостатки [Электронный ресурс].",
	howpublished="Режим доступа: \url{https://studfile.net/preview/5407090/page:4/} (дата обращения: 17.03.2024)",	
}

@misc{postgres,
	title="PostrgeSQL [Электронный ресурс]",
	howpublished="Режим доступа: \url{https://www.postgresql.org/} (дата обращения: 21.05.2024)"
}

@misc{entity,
	title="Entity Framework [Электронный ресурс]",
	howpublished="Режим доступа: \url{https://learn.microsoft.com/ru-ru/ef/} (дата обращения: 21.05.2024)"
}

@misc{csharp,
	title="C# [Электронный ресурс]",
	howpublished="Режим доступа: \url{https://learn.microsoft.com/ru-ru/dotnet/csharp/} (дата обращения: 21.05.2024)"
}

@misc{matlib,
	title="Matplotlib [Электронный ресурс]",
	howpublished="Режим доступа: \url{https://matplotlib.org/} (дата обращения: 01.02.2024)"
}

@misc{ubuntu,
	title="Ubuntu 22.04.3 LTS (Jammy Jellyfish) [Электронный ресурс]",
	howpublished="Режим доступа: \url{https://releases.ubuntu.com/22.04/} (дата обращения: 01.02.2024)"
}
